@misc{Malatest2018,
   author = {Malatest},
   city = {Toronto},
   month = {2},
   title = {Transportation Tomorrow Survey - TTS 2016: Data guide},
   url = {www.malatest.com},
   year = {2018},
}
